@article{scikit:learn,
 title={Scikit-learn: Machine Learning in {P}ython},
 author={Pedregosa, F. and Varoquaux, G. and Gramfort, A. and Michel, V.
         and Thirion, B. and Grisel, O. and Blondel, M. and Prettenhofer, P.
         and Weiss, R. and Dubourg, V. and Vanderplas, J. and Passos, A. and
         Cournapeau, D. and Brucher, M. and Perrot, M. and Duchesnay, E.},
 journal={Journal of Machine Learning Research},
 volume={12},
 pages={2825--2830},
 year={2011}
}

@article{wisdm:dataset,
  author={Jennifer R. Kwapisz and Gary M. Weiss and Samuel A. Moore},
  title={{Activity Recognition using Cell Phone Accelerometers}},
  year={2010},
  journal={Proceedings of the Fourth International Workshop on Knowledge Discovery from Sensor Data},
}

@online{obsproject:website,
  author={Hugh Bailey},
  title={{Open Broadcaster Software}},
  year={2020},
  url={https://obsproject.com},
  urldate={2020-06-03}
}

@online{Android:Sensors,
  author={Google LLC},
  title={{Sensors Overview}},
  url={https://developer.android.com/guide/topics/sensors/sensors_overview.html},
  date={2019-12-27},
  urldate={2020-05-31} 
}

@online{Medium:Normalization,
  author={Urvashi Jaitley},
  title={{Why Data Normalization is necessary for Machine Learning models}},
  url={https://medium.com/@urvashilluniya/why-data-normalization-is-necessary-for-machine-learning-models-681b65a05029},
  date={2018-10-08},
  urldate={2020-05-31} 
}

@online{Google:withoutPHD,
  author={Martin GÃ¶rner},
  title={{TensorFlow, Keras and deep learning, without a PhD}},
  url={https://codelabs.developers.google.com/codelabs/cloud-tensorflow-mnist},
  date={2019-01-28},
  urldate={2020-05-31}
}

@online{saeed:transferLearning, 
  author = {Aaqib Saeed},
  title = {{On-device Activity Recognition}},
  year = {2020},
  journal = {aqibsaeed.github.io},
  url = {https://github.com/aqibsaeed/on-device-activity-recognition},
  urldate = {2020-05-31}
}
